United States. Bureau of the Census. Census Office U.S. Census Bureau Department of Commerce Department of Commerce and Labor Economics and Statistics Administration Social and Economic Statistics Administration. (1985). Consumer expenditure surveys : diary interview survey : information booklet. [Washington, D.C.?] :U.S. Dept. of Commerce, Bureau of the Census,
  @Article{lda,
    title = {{topicmodels}: An {R} Package for Fitting Topic Models},
    author = {Bettina Gr\"un and Kurt Hornik},
    journal = {Journal of Statistical Software},
    year = {2011},
    volume = {40},
    number = {13},
    pages = {1--30},
    doi = {10.18637/jss.v040.i13},
  }


@misc{bls,
  author={{U.S. Department of Labor: Bureau of Labor Statistics}},
  title={Consumer Expenditure Surveys : Diary Interview Survey},
  url= {https://www.bls.gov/cex/pumd_data.htm},
  year={2018}
}

@article{shmueli2010explain,
  title={To explain or to predict?},
  author={Shmueli, Galit},
  journal={Statistical science},
  pages={289--310},
  year={2010},
  publisher={JSTOR}
}

@article{hirschman1982hedonic,
  title={Hedonic consumption: emerging concepts, methods and propositions},
  author={Hirschman, Elizabeth C and Holbrook, Morris B},
  journal={The Journal of Marketing},
  pages={92--101},
  year={1982},
  publisher={JSTOR}
}


@article{babin,
author = {Babin, Barry J. and Darden, William R. and Griffin, Mitch},
title = {Work and/or Fun: Measuring Hedonic and Utilitarian Shopping Value},
journal = {Journal of Consumer Research},
volume = {20},
number = {4},
pages = {644-656},
year = {1994},
URL = { + http://dx.doi.org/10.1086/209376},
}


@article{crowley1992measuring,
  title={Measuring the hedonic and utilitarian dimensions of attitudes toward product categories},
  author={Crowley, Ayn E and Spangenberg, Eric R and Hughes, Kevin R},
  journal={Marketing letters},
  volume={3},
  number={3},
  pages={239--249},
  year={1992},
  publisher={Springer}
}


@article{spangenberg1997measuring,
  title={Measuring the hedonic and utilitarian dimensions of attitude: A generally applicable scale},
  author={Spangenberg, Eric R and Voss, Kevin E and Crowley, Ayn E},
  journal={ACR North American Advances},
  year={1997}
}


@article{okada2005justification,
  title={Justification effects on consumer choice of hedonic and utilitarian goods},
  author={Okada, Erica Mina},
  journal={Journal of marketing research},
  volume={42},
  number={1},
  pages={43--53},
  year={2005},
  publisher={American Marketing Association}
}



@article{batra1991measuring,
  title={Measuring the hedonic and utilitarian sources of consumer attitudes},
  author={Batra, Rajeev and Ahtola, Olli T},
  journal={Marketing letters},
  volume={2},
  number={2},
  pages={159--170},
  year={1991},
  publisher={Springer}
}


@article{shmueli2010explain,
  title={To explain or to predict?},
  author={Shmueli, Galit},
  journal={Statistical science},
  pages={289--310},
  year={2010},
  publisher={JSTOR}
}

@article{badea2014predicting,
  title={Predicting Consumer Behavior with artificial neural networks},
  author={Badea, Laura Maria},
  journal={Procedia Economics and Finance},
  volume={15},
  pages={238--246},
  year={2014},
  publisher={Elsevier}
}


@inproceedings{christidis2010exploring,
  title={Exploring customer preferences with probabilistic topic models},
  author={Christidis, Konstantinos and Apostolou, Dimitris and Mentzas, Gregoris},
  booktitle={European Conference on Machine Learning and Principles and Practice of Knowledge Discovery in Databases},
  year={2010}
}


@article{ma2013lda,
  title={An LDA and synonym lexicon based approach to product feature extraction from online consumer product reviews},
  author={Ma, Baizhang and Zhang, Dongsong and Yan, Zhijun and Kim, Taeha},
  journal={Journal of Electronic Commerce Research},
  volume={14},
  number={4},
  pages={304},
  year={2013},
  publisher={Journal of Electronic Commerce Research}
}

@article{melville2009social,
  title={Social media analytics: Channeling the power of the blogosphere for marketing insight},
  author={Melville, Prem and Sindhwani, Vikas and Lawrence, R},
  journal={Proc. of the WIN},
  volume={1},
  number={1},
  pages={1--5},
  year={2009}
}

@article{jacobs2016model,
  title={Model-based purchase predictions for large assortments},
  author={Jacobs, Bruno JD and Donkers, Bas and Fok, Dennis},
  journal={Marketing Science},
  volume={35},
  number={3},
  pages={389--404},
  year={2016},
  publisher={INFORMS}
}

@article{Sherry,
author = {Sherry, Jr. ,John F.},
title = {Gift Giving in Anthropological Perspective},
journal = {Journal of Consumer Research},
volume = {10},
number = {2},
pages = {157-168},
year = {1983},
doi = {10.1086/208956},
URL = { + http://dx.doi.org/10.1086/208956},
eprint = {/oup/backfile/content_public/journal/jcr/10/2/10.1086/208956/2/10-2-157.pdf}
}

@article{andreoni2002giving,
  title={Giving according to GARP: An experimental test of the consistency of preferences for altruism},
  author={Andreoni, James and Miller, John},
  journal={Econometrica},
  volume={70},
  number={2},
  pages={737--753},
  year={2002},
  publisher={Wiley Online Library}
}

 @misc{ wiki,
   author = "Wikipedia contributors",
   title = "White Bread",
   year = "2018",
   publisher={Wikimedia Foundation},
   url = "https://en.wikipedia.org/wiki/White_bread",
   note = "[Online; accessed 9-February-2018]"
 }


@inproceedings{arun2010finding,
  title={On finding the natural number of topics with latent dirichlet allocation: Some observations},
  author={Arun, Rajkumar and Suresh, Venkatasubramaniyan and Madhavan, CE Veni and Murthy, MN Narasimha},
  booktitle={Pacific-Asia Conference on Knowledge Discovery and Data Mining},
  pages={391--402},
  year={2010},
  organization={Springer}
}

@article{griffiths2004finding,
  title={Finding scientific topics},
  author={Griffiths, Thomas L and Steyvers, Mark},
  journal={Proceedings of the National academy of Sciences},
  volume={101},
  number={suppl 1},
  pages={5228--5235},
  year={2004},
  publisher={National Acad Sciences}
}

@article{srivastava2014dropout,
  title={Dropout: A simple way to prevent neural networks from overfitting},
  author={Srivastava, Nitish and Hinton, Geoffrey and Krizhevsky, Alex and Sutskever, Ilya and Salakhutdinov, Ruslan},
  journal={The Journal of Machine Learning Research},
  volume={15},
  number={1},
  pages={1929--1958},
  year={2014},
  publisher={JMLR. org}
}